@online{noauthor_security_2025,
	title = {SECURITY},
	url = {https://dictionary.cambridge.org/de/worterbuch/englisch/security},
	abstract = {1. protection of a person, building, organization, or country against threats…},
	urldate = {2025-07-29},
	date = {2025-07-23},
	langid = {german},
}

@online{noauthor_collective_2025,
	title = {Definition of {COLLECTIVE}},
	url = {https://www.merriam-webster.com/dictionary/collective},
	abstract = {denoting a number of persons or things considered as one group or whole; formed by collecting : aggregated; multiple… See the full definition},
	urldate = {2025-07-29},
	date = {2025-07-26},
	langid = {english},
}

@article{nandy2023,
  author  = {Nandy, Debasish},
  title   = {Human Rights in the Era of Surveillance: Balancing Security and Privacy Concerns},
  journal = {Journal of Current Social and Political Issues},
  year    = {2023},
  volume  = {1},
  number  = {1},
  pages   = {13-17},
  month   = nov,
  doi     = {10.15575/jcspi.v1i1.442}
}

@online{noauthor_special_nodate,
	title = {Special Rapporteur on freedom of opinion and expression},
	url = {https://www.ohchr.org/en/special-procedures/sr-freedom-of-opinion-and-expression},
	titleaddon = {{OHCHR}},
	urldate = {2025-07-25},
	langid = {english},
}

@techreport{lichter_loeffler_siegloch2016,
  author       = {Lichter, Andreas and Löffler, Max and Siegloch, Sebastian},
  title        = {The Long‑Term Costs of Government Surveillance: Insights from Stasi Spying in East Germany},
  institution  = {DIW Berlin},
  type         = {Discussion Paper},
  number       = {SP 0889},
  year         = {2016},
  month        = aug,
  note         = {Version: August 2016},
  url          = {https://www.diw.de/documents/publikationen/73/diw_01.c.542280.de/diw_sp0889.pdf},
  doi          = {10.2139/ssrn.1554604}
}

@online{mdrde_uberwachung_nodate,
	title = {Überwachung im Nationalsozialismus: Der Sicherheitsdienst der {SS} {\textbar} {MDR}.{DE}},
	url = {https://www.mdr.de/geschichte/ns-zeit/politik-gesellschaft/sicherheitsdienst-nationalsozialismus-exklusive-akten-100.html},
	shorttitle = {Überwachung im Nationalsozialismus},
	abstract = {Das {SS}-Spitzelnetzwerk reichte bis in die letzten Ecken des Reiches. Wer waren die Männer, die Nachbarn und Freunde, Kollegen und Bekannte ausspionierten und deren Berichte für Himmler, Goebbels \& Co so wichtig waren?},
	author = {{mdr.de}},
	urldate = {2025-07-29},
	langid = {german},
}

@online{noauthor_smart_nodate,
	title = {Smart City Darmstadt},
	url = {https://www.darmstadt.de/standort/smart-city},
	abstract = {Das Projekt Smart Cities vernetzt Technologie und Infrastruktur miteinander, um die Lebensqualität der Menschen in Darmstadt zu verbessern.},
	titleaddon = {Wissenschaftsstadt Darmstadt},
	urldate = {2025-07-29},
	langid = {german},
}

@online{noauthor_digitalstadt_nodate,
	title = {Digitalstadt Darmstadt: Videoüberwachung für das subjektive Sicherheitsgefühl und für den „Verfassungs“schutz? – {dieDatenschützer} Rhein Main},
	url = {https://ddrm.de/digitalstadt-darmstadt-videoueberwachung-fuer-das-subjektive-sicherheitsgefuehl-und-fuer-den-verfassungsschutz/},
	urldate = {2025-07-30},
}

@techreport{wetzling2023,
  author       = {Wetzling, Thorsten},
  title        = {National Security Surveillance in Germany},
  institution  = {Strauss Center for International Security and Law, University of Texas at Austin},
  series       = {Safe and Free: National Security Surveillance and the Rule of Law Across Democratic States},
  year         = {2023},
  month        = nov,
  url          = {https://safeandfree.io/wp-content/uploads/2023/11/Germany_Surveillance_FINAL.pdf}
}

@article{murray2024,
  author  = {Murray, Daragh and Fussey, Pete and Hove, Kuda and Wakabi, Wairagala and Kimumwe, Paul and Saki, Otto and Stevens, Amy},
  title   = {The Chilling Effects of Surveillance and Human Rights: Insights from Qualitative Research in Uganda and Zimbabwe},
  journal = {Journal of Human Rights Practice},
  volume  = {16},
  number  = {1},
  pages   = {397--412},
  year    = {2024},
  month   = feb,
  doi     = {10.1093/jhuman/huad020},
  url     = {https://doi.org/10.1093/jhuman/huad020}
}

@online{noauthor_peasec_2025,
	title = {{PEASEC} – Science and Technology for Peace and Security},
	url = {https://peasec.de/},
	urldate = {2025-08-01},
	date = {2025-08-22},
	langid = {american},
}



